@String{lncs = {Lecture Notes in Computer Science}}
@String{procecoop = {Proceedings of the European Conference on
    Object-Oriented Programming ({ECOOP})}}

@article{barabasi2009scale,
  title     = {Scale-free networks: a decade and beyond},
  author    = {Barab{\'a}si, Albert-L{\'a}szl{\'o}},
  journal   = {science},
  volume    = {325},
  number    = {5939},
  pages     = {412--413},
  year      = {2009},
  publisher = {American Association for the Advancement of Science}
}

@inproceedings{basc,
  title     = {Pre-Select Static Caching and Neighborhood Ordering for BFS-like Algorithms on Disk-based Graph Engines},
  author    = {Lee, Eunjae and Kim, Junghyun and Lim, Keunhak and Noh, Sam H and Seo, Jiwon},
  booktitle = {2019 USENIX Annual Technical Conference (USENIX ATC 19)},
  pages     = {459--474},
  year      = {2019}
}

@article{beamer2015gap,
  title   = {The GAP benchmark suite},
  author  = {Beamer, Scott and Asanovi{\'c}, Krste and Patterson, David},
  journal = {arXiv preprint arXiv:1508.03619},
  year    = {2015}
}

@book{bringhurst-2002-teots,
  author    = {Bringhurst, Robert},
  title     = {The Elements of Typographic Style},
  booktitle = {The Elements of Typographic Style},
  year      = 2002,
  edition   = {2.5},
  publisher = {Hartley \& Marks},
  isbn      = 0881791326
}

@inproceedings{cagra,
  title        = {Making caches work for graph analytics},
  author       = {Zhang, Yunming and Kiriansky, Vladimir and Mendis, Charith and Amarasinghe, Saman and Zaharia, Matei},
  booktitle    = {2017 IEEE International Conference on Big Data (Big Data)},
  pages        = {293--302},
  year         = {2017},
  organization = {IEEE}
}

@article{corder,
  title     = {Workload balancing via graph reordering on multicore systems},
  author    = {Chen, YuAng and Chung, Yeh-Ching},
  journal   = {IEEE Transactions on Parallel and Distributed Systems},
  volume    = {33},
  number    = {5},
  pages     = {1231--1245},
  year      = {2021},
  publisher = {IEEE}
}

@inproceedings{cost,
  title     = {Scalability! but at what {COST}?},
  author    = {McSherry, Frank and Isard, Michael and Murray, Derek G},
  booktitle = {15th Workshop on Hot Topics in Operating Systems (HotOS XV)},
  year      = {2015}
}

@inproceedings{dafner2000context,
  title        = {Context-based space filling curves},
  author       = {Dafner, Revital and Cohen-Or, Daniel and Matias, Yossi},
  booktitle    = {Computer Graphics Forum},
  volume       = {19},
  number       = {3},
  pages        = {209--218},
  year         = {2000},
  organization = {Wiley Online Library}
}

@inproceedings{danisch2018listing,
  title     = {Listing k-cliques in sparse real-world graphs},
  author    = {Danisch, Maximilien and Balalau, Oana and Sozio, Mauro},
  booktitle = {Proceedings of the 2018 World Wide Web Conference},
  pages     = {589--598},
  year      = {2018}
}

@inproceedings{dbg,
  title        = {A closer look at lightweight graph reordering},
  author       = {Faldu, Priyank and Diamond, Jeff and Grot, Boris},
  booktitle    = {2019 IEEE International Symposium on Workload Characterization (IISWC)},
  pages        = {1--13},
  year         = {2019},
  organization = {IEEE}
}

@inproceedings{dobfs,
  title        = {Direction-optimizing breadth-first search},
  author       = {Beamer, Scott and Asanovic, Krste and Patterson, David},
  booktitle    = {SC'12: Proceedings of the International Conference on High Performance Computing, Networking, Storage and Analysis},
  pages        = {1--10},
  year         = {2012},
  organization = {IEEE}
}

@inproceedings{donato2018triangle,
  title        = {Triangle counting with a multi-core computer},
  author       = {Donato, Evan and Ouyang, Ming and Peguero-Isalguez, Cristian},
  booktitle    = {2018 IEEE High Performance extreme Computing Conference (HPEC)},
  pages        = {1--7},
  year         = {2018},
  organization = {IEEE}
}

@inproceedings{esfahani2021locality,
  title        = {Locality analysis of graph reordering algorithms},
  author       = {Esfahani, Mohsen Koohi and Kilpatrick, Peter and Vandierendonck, Hans},
  booktitle    = {2021 IEEE International Symposium on Workload Characterization (IISWC)},
  pages        = {101--112},
  year         = {2021},
  organization = {IEEE}
}

@inproceedings{flashgraph,
  title     = {{FlashGraph}: Processing {Billion-Node} Graphs on an Array of Commodity {SSDs}},
  author    = {Zheng, Da and Mhembere, Disa and Burns, Randal and Vogelstein, Joshua and Priebe, Carey E and Szalay, Alexander S},
  booktitle = {13th USENIX Conference on File and Storage Technologies (FAST 15)},
  pages     = {45--58},
  year      = {2015}
}

@article{gao2017high,
  title     = {High performance graph processing with locality oriented design},
  author    = {Gao, Pin and Zhang, Mingxing and Chen, Kang and Wu, Yongwei and Zheng, Weimin},
  journal   = {IEEE Transactions on Computers},
  volume    = {66},
  number    = {7},
  pages     = {1261--1267},
  year      = {2017},
  publisher = {IEEE}
}




@article{girvan2002community,
  title     = {Community structure in social and biological networks},
  author    = {Girvan, Michelle and Newman, Mark EJ},
  journal   = {Proceedings of the national academy of sciences},
  volume    = {99},
  number    = {12},
  pages     = {7821--7826},
  year      = {2002},
  publisher = {National Acad Sciences}
}

@inproceedings{gpop,
  title     = {GPOP: A cache and memory-efficient framework for graph processing over partitions},
  author    = {Lakhotia, Kartik and Kannan, Rajgopal and Pati, Sourav and Prasanna, Viktor},
  booktitle = {Proceedings of the 24th Symposium on Principles and Practice of Parallel Programming},
  pages     = {393--394},
  year      = {2019}
}

@inproceedings{graphchi,
  title     = {{GraphChi}:{Large-Scale} Graph Computation on Just a {PC}},
  author    = {Kyrola, Aapo and Blelloch, Guy and Guestrin, Carlos},
  booktitle = {10th USENIX Symposium on Operating Systems Design and Implementation (OSDI 12)},
  pages     = {31--46},
  year      = {2012}
}

@article{graphmat,
  title   = {Graphmat: High performance graph analytics made productive},
  author  = {Sundaram, Narayanan and Satish, Nadathur Rajagopalan and Patwary, Md Mostofa Ali and Dulloor, Subramanya R and Vadlamudi, Satya Gautam and Das, Dipankar and Dubey, Pradeep},
  journal = {arXiv preprint arXiv:1503.07241},
  year    = {2015}
}

@inproceedings{graptor,
  title     = {Graptor: Efficient pull and push style vectorized graph processing},
  author    = {Vandierendonck, Hans},
  booktitle = {Proceedings of the 34th ACM International Conference on Supercomputing},
  pages     = {1--13},
  year      = {2020}
}




######################################################################################################### 
Benchmarks
@article{heidari2018scalable,
  title     = {Scalable graph processing frameworks: A taxonomy and open challenges},
  author    = {Heidari, Safiollah and Simmhan, Yogesh and Calheiros, Rodrigo N and Buyya, Rajkumar},
  journal   = {ACM Computing Surveys (CSUR)},
  volume    = {51},
  number    = {3},
  pages     = {1--53},
  year      = {2018},
  publisher = {ACM New York, NY, USA}
}


######################################################################################################### 
# Direct comparison - context
@article{hilbert_recursion,
  title     = {Algorithm 781: Generating Hilbert's space-filling curve by recursion},
  author    = {Breinholt, Greg and Schierz, Christoph},
  journal   = {ACM Transactions on Mathematical Software (TOMS)},
  volume    = {24},
  number    = {2},
  pages     = {184--189},
  year      = {1998},
  publisher = {ACM New York, NY, USA}
}

@article{hilbert1935stetige,
  title     = {{\"U}ber die stetige Abbildung einer Linie auf ein Fl{\"a}chenst{\"u}ck},
  author    = {Hilbert, David},
  journal   = {Dritter Band: Analysis{\textperiodcentered} Grundlagen der Mathematik{\textperiodcentered} Physik Verschiedenes: Nebst Einer Lebensgeschichte},
  pages     = {1--2},
  year      = {1935},
  publisher = {Springer}
}

@inproceedings{iHTL,
  title     = {Exploiting in-Hub Temporal Locality in SpMV-based Graph Processing},
  author    = {Koohi Esfahani, Mohsen and Kilpatrick, Peter and Vandierendonck, Hans},
  booktitle = {50th International Conference on Parallel Processing},
  pages     = {1--10},
  year      = {2021}
}

@inproceedings{kiczales-1997-aop,
  author    = {Kiczales, Gregor and Lamping, John and
               Mendhekar, Anurag and Maeda, Chris and
               Lopes, Cristina and Loingtier, Jean-Marc
               and Irwin, John},
  title     = {Aspect-Oriented Programming},
  booktitle = procecoop,
  year      = 1997,
  series    = lncs,
  volume    = 2591,
  pages     = {220--242},
  keywords  = {aop, aspect-oriented programming},
  online    = {http://www.parc.xerox.com/csl/groups/sda/pubs/papers/Kiczal
               es-ECOOP97/for-web.pdf}
}

@inproceedings{konect,
  title     = {Konect: the koblenz network collection},
  author    = {Kunegis, J{\'e}r{\^o}me},
  booktitle = {Proceedings of the 22nd international conference on world wide web},
  pages     = {1343--1350},
  year      = {2013}
}


@inproceedings{koohi2022lotus,
  title     = {LOTUS: Locality optimizing triangle counting},
  author    = {Koohi Esfahani, Mohsen and Kilpatrick, Peter and Vandierendonck, Hans},
  booktitle = {Proceedings of the 27th ACM SIGPLAN Symposium on Principles and Practice of Parallel Programming},
  pages     = {219--233},
  year      = {2022}
}

@book{lamport-1994-ladps,
  author    = {Lamport, Leslie},
  title     = {\LaTeX: A Document Preparation System},
  booktitle = {\LaTeX: A Document Preparation System},
  year      = 1994,
  edition   = 2,
  publisher = {Addison-Wesley},
  isbn      = 0201529831
}


@article{lawder2001querying,
  title     = {Querying multi-dimensional data indexed using the Hilbert space-filling curve},
  author    = {Lawder, Jonathan K. and King, Peter J. H.},
  journal   = {ACM Sigmod Record},
  volume    = {30},
  number    = {1},
  pages     = {19--24},
  year      = {2001},
  publisher = {ACM New York, NY, USA}
}


@article{leskovec2012learning,
  title   = {Learning to discover social circles in ego networks},
  author  = {Leskovec, Jure and Mcauley, Julian},
  journal = {Advances in neural information processing systems},
  volume  = {25},
  year    = {2012}
}


@inproceedings{ligra,
  title     = {Ligra: a lightweight graph processing framework for shared memory},
  author    = {Shun, Julian and Blelloch, Guy E},
  booktitle = {Proceedings of the 18th ACM SIGPLAN symposium on Principles and practice of parallel programming},
  pages     = {135--146},
  year      = {2013}
}

@inproceedings{listingkcliques,
  title     = {Listing k-cliques in sparse real-world graphs},
  author    = {Danisch, Maximilien and Balalau, Oana and Sozio, Mauro},
  booktitle = {Proceedings of the 2018 World Wide Web Conference},
  pages     = {589--598},
  year      = {2018}
}

@inproceedings{lwa,
  author    = {Paolo Boldi and Sebastiano Vigna},
  title     = {The {W}eb{G}raph Framework {I}: {C}ompression Techniques},
  year      = 2004,
  booktitle = {Proc. of the Thirteenth International World Wide Web Conference (WWW 2004)},
  address   = {Manhattan, USA},
  pages     = {595--601},
  publisher = {ACM Press}
}

// real world graphs are sparse 
@inproceedings{lwr,
  title     = {When is Graph Reordering an Optimization?},
  author    = {Balaji, Vignesh and Lucia, Brandon},
  booktitle = {IEEE International Symposium on Workload Characterization (IISWC)},
  year      = {2018}
}

@inproceedings{mosaic,
  title     = {Mosaic: Processing a trillion-edge graph on a single machine},
  author    = {Maass, Steffen and Min, Changwoo and Kashyap, Sanidhya and Kang, Woonhak and Kumar, Mohan and Kim, Taesoo},
  booktitle = {Proceedings of the Twelfth European Conference on Computer Systems},
  pages     = {527--543},
  year      = {2017}
}

// graph algorithms stall on memory accesses
@misc{openmp,
  author = {{OpenMP Architecture Review Board}},
  title  = {{OpenMP} Application Program Interface Version 5.1},
  month  = nov,
  year   = 2020,
  url    = {https://www.openmp.org/wp-content/uploads/OpenMP-API-Specification-5-1.pdf}
}

// also contains several references about the widespread use of degree sort as a baseline
@inproceedings{pcpm,
  title     = {Accelerating pagerank using partition-centric processing},
  author    = {Lakhotia, Kartik and Kannan, Rajgopal and Prasanna, Viktor},
  booktitle = {2018 $\{$USENIX$\}$ Annual Technical Conference ($\{$USENIX$\}$$\{$ATC$\}$ 18)},
  pages     = {427--440},
  year      = {2018}
}


@article{pegasus,
  title     = {Pegasus: mining peta-scale graphs},
  author    = {Kang, U and Tsourakakis, Charalampos E and Faloutsos, Christos},
  journal   = {Knowledge and information systems},
  volume    = {27},
  pages     = {303--325},
  year      = {2011},
  publisher = {Springer}
}

@article{powerlyra,
  title     = {Powerlyra: Differentiated graph computation and partitioning on skewed graphs},
  author    = {Chen, Rong and Shi, Jiaxin and Chen, Yanzhe and Zang, Binyu and Guan, Haibing and Chen, Haibo},
  journal   = {ACM Transactions on Parallel Computing (TOPC)},
  volume    = {5},
  number    = {3},
  pages     = {1--39},
  year      = {2019},
  publisher = {ACM New York, NY, USA}
}


@inproceedings{propagationblocking,
  title        = {Reducing PageRank communication via propagation blocking},
  author       = {Beamer, Scott and Asanovi{\'c}, Krste and Patterson, David},
  booktitle    = {2017 IEEE International Parallel and Distributed Processing Symposium (IPDPS)},
  pages        = {820--831},
  year         = {2017},
  organization = {IEEE}
}

@inproceedings{pvp,
  title     = {To push or to pull: On reducing communication and synchronization in graph computations},
  author    = {Besta, Maciej and Podstawski, Micha{\l} and Groner, Linus and Solomonik, Edgar and Hoefler, Torsten},
  booktitle = {Proceedings of the 26th International Symposium on High-Performance Parallel and Distributed Computing},
  pages     = {93--104},
  year      = {2017}
}

@inproceedings{rabbit,
  title        = {Rabbit order: Just-in-time parallel reordering for fast graph analysis},
  author       = {Arai, Junya and Shiokawa, Hiroaki and Yamamuro, Takeshi and Onizuka, Makoto and Iwamura, Sotetsu},
  booktitle    = {2016 IEEE International Parallel and Distributed Processing Symposium (IPDPS)},
  pages        = {22--31},
  year         = {2016},
  organization = {IEEE}
}

@book{rowling-1997-hpps,
  author    = {Rowling, Joanna K.},
  title     = {Harry Potter and the Philospher's Stone},
  year      = 1997,
  publisher = {Bloomsbury},
  isbn      = 0747532699
}


@inproceedings{sapco,
  title        = {SAPCo Sort: Optimizing Degree-Ordering for Power-Law Graphs},
  author       = {Esfahani, Mohsen Koohi and Kilpatrick, Peter and Vandierendonck, Hans},
  booktitle    = {2022 IEEE International Symposium on Performance Analysis of Systems and Software (ISPASS)},
  pages        = {138--140},
  year         = {2022},
  organization = {IEEE}
}

@article{slashburn,
  title     = {Slashburn: Graph compression and mining beyond caveman communities},
  author    = {Lim, Yongsub and Kang, U and Faloutsos, Christos},
  journal   = {IEEE Transactions on Knowledge and Data Engineering},
  volume    = {26},
  number    = {12},
  pages     = {3077--3089},
  year      = {2014},
  publisher = {IEEE}
}


@inproceedings{spray,
  title        = {Spray: Sparse reductions of arrays in OpenMP},
  author       = {H{\"u}ckelheim, Jan and Doerfert, Johannes},
  booktitle    = {2021 IEEE International Parallel and Distributed Processing Symposium (IPDPS)},
  pages        = {475--484},
  year         = {2021},
  organization = {IEEE}
}

@inproceedings{sun2017accelerating,
  title        = {Accelerating graph analytics by utilising the memory locality of graph partitioning},
  author       = {Sun, Jiawen and Vandierendonck, Hans and Nikolopoulos, Dimitrios S},
  booktitle    = {2017 46th International Conference on Parallel Processing (ICPP)},
  pages        = {181--190},
  year         = {2017},
  organization = {IEEE}
}


@article{syze,
  title     = {An Unequal Caching Strategy for Shared-Memory Graph Analytics},
  author    = {Chen, YuAng and Chung, Yeh-Ching},
  journal   = {IEEE Transactions on Parallel and Distributed Systems},
  year      = {2023},
  publisher = {IEEE}
}

@inproceedings{xstream,
  title     = {X-stream: Edge-centric graph processing using streaming partitions},
  author    = {Roy, Amitabha and Mihailovic, Ivo and Zwaenepoel, Willy},
  booktitle = {Proceedings of the Twenty-Fourth ACM Symposium on Operating Systems Principles},
  pages     = {472--488},
  year      = {2013}
}

@article{yan2011applications,
  title     = {Applications of graph theory in protein structure identification},
  author    = {Yan, Yan and Zhang, Shenggui and Wu, Fang-Xiang},
  journal   = {Proteome science},
  volume    = {9},
  number    = {1},
  pages     = {1--10},
  year      = {2011},
  publisher = {Springer}
}

@incollection{yzelman2012cache,
  title     = {A cache-oblivious sparse matrix--vector multiplication scheme based on the Hilbert curve},
  author    = {Yzelman, Albert-Jan N and Bisseling, Rob H},
  booktitle = {Progress in Industrial Mathematics at ECMI 2010},
  pages     = {627--633},
  year      = {2012},
  publisher = {Springer}
}




@article{zhang2016optimizing,
  title     = {Optimizing cache performance for graph analytics},
  author    = {Zhang, Yunming and Kiriansky, Vladimir and Mendis, Charith and Zaharia, Matei and Amarasinghe, Saman},
  journal   = {arXiv preprint arXiv:1608.01362},
  year      = {2016},
  publisher = {CoRR}
}

